<?xml version="1.0" encoding="UTF-8"?><record xmlns="http://www.loc.gov/MARC21/slim" xmlns:cinclude="http://apache.org/cocoon/include/1.0" xmlns:zs="http://www.loc.gov/zing/srw/">
  <leader>00408nz  a2200145n  4500</leader>
  <controlfield tag="001">n  95022768 </controlfield>
  <controlfield tag="003">DLC</controlfield>
  <controlfield tag="005">19950308132612.2</controlfield>
  <controlfield tag="008">950308n| acannaab|          |a ana |||  </controlfield>
  <datafield tag="010" ind1=" " ind2=" ">
    <subfield code="a">n  95022768 </subfield>
  </datafield>
  <datafield tag="040" ind1=" " ind2=" ">
    <subfield code="a">DLC</subfield>
    <subfield code="c">DLC</subfield>
  </datafield>
  <datafield tag="110" ind1="2" ind2="0">
    <subfield code="a">Robert Hohner Percussion Ensemble</subfield>
  </datafield>
  <datafield tag="410" ind1="2" ind2="0">
    <subfield code="a">Hohner Percussion Ensemble</subfield>
  </datafield>
  <datafield tag="500" ind1="1" ind2="0">
    <subfield code="a">Hohner, Robert</subfield>
  </datafield>
  <datafield tag="670" ind1=" " ind2=" ">
    <subfield code="a">The gamut, p1994:</subfield>
    <subfield code="b">label (the Robert Hohner Percussion Ensemble)</subfield>
  </datafield>
</record>